<?xml version="1.0" encoding="UTF-8"?><collection xmlns="http://www.loc.gov/MARC21/slim"><record><leader>00529nam--2200205-u-4500</leader><controlfield tag="001">000051584</controlfield><controlfield tag="002">20161230</controlfield><controlfield tag="005">20161230201049</controlfield><controlfield tag="008">080807s1000------------r-----000-0-eng-d</controlfield><datafield ind1=" " ind2=" " tag="020"><subfield code="a">9783540285731</subfield></datafield><datafield ind1=" " ind2=" " tag="040"><subfield code="a">IFIN-HH</subfield></datafield><datafield ind1=" " ind2=" " tag="080"><subfield code="a">535:537.8:530.145</subfield></datafield><datafield ind1="1" ind2=" " tag="100"><subfield code="a">Walls, D.F</subfield></datafield><datafield ind1="1" ind2="0" tag="245"><subfield code="a">Quantum Optics</subfield><subfield code="c">D. F. Walls; Gerald J. Milburn</subfield></datafield><datafield ind1=" " ind2=" " tag="250"><subfield code="a">Second edition</subfield></datafield><datafield ind1=" " ind2=" " tag="260"><subfield code="a">Heidelberg</subfield><subfield code="b">Springer Verlag</subfield><subfield code="c">2008</subfield></datafield><datafield ind1=" " ind2=" " tag="300"><subfield code="a">425 p</subfield></datafield><datafield ind1="1" ind2=" " tag="700"><subfield code="a">Milburn, Gerald J</subfield></datafield><datafield ind1=" " ind2=" " tag="852"><subfield code="a">82096</subfield><subfield code="c">535</subfield></datafield><datafield ind1=" " ind2=" " tag="CAT"><subfield code="a">Sys</subfield><subfield code="c">20101130</subfield><subfield code="h">115730</subfield></datafield></record></collection>